<?xml version="1.0" encoding="UTF-8"?><record xmlns="http://www.loc.gov/MARC21/slim" xmlns:cinclude="http://apache.org/cocoon/include/1.0" xmlns:zs="http://www.loc.gov/zing/srw/">
  <leader>00549cz  a2200157n  4500</leader>
  <controlfield tag="001">no 97079590 </controlfield>
  <controlfield tag="003">DLC</controlfield>
  <controlfield tag="005">20031210071311.0</controlfield>
  <controlfield tag="008">971223n| acannaabn          |n aaa     c</controlfield>
  <datafield tag="010" ind1=" " ind2=" ">
    <subfield code="a">no 97079590 </subfield>
  </datafield>
  <datafield tag="035" ind1=" " ind2=" ">
    <subfield code="a">(OCoLC)oca04565363</subfield>
  </datafield>
  <datafield tag="040" ind1=" " ind2=" ">
    <subfield code="a">OCoLC</subfield>
    <subfield code="c">OCoLC</subfield>
    <subfield code="d">MoSW-Mu</subfield>
  </datafield>
  <datafield tag="100" ind1="1" ind2=" ">
    <subfield code="a">Elgar, Edward,</subfield>
    <subfield code="d">1857-1934.</subfield>
    <subfield code="t">Spirit of England</subfield>
  </datafield>
  <datafield tag="667" ind1=" " ind2=" ">
    <subfield code="a">Machine-derived authority record.</subfield>
  </datafield>
  <datafield tag="670" ind1=" " ind2=" ">
    <subfield code="a">LCCN 86-750876: Elgar, E. Coronation ode, p1977</subfield>
  </datafield>
  <datafield tag="670" ind1=" " ind2=" ">
    <subfield code="a">Grove music online WWW site, Dec. 9, 2003</subfield>
    <subfield code="b">(op. 80: The spirit of England (L. Binyon), S/T, chorus, orch)</subfield>
  </datafield>
</record>